@article{ballabriga2011medipix3,
  title={Medipix3: A 64 k pixel detector readout chip working in single photon counting mode with improved spectrometric performance},
  author={Ballabriga, R and Campbell, M and Heijne, E and Llopart, X and Tlustos, L and Wong, Winnie},
  journal={Nuclear Instruments and Methods in Physics Research Section A: Accelerators, Spectrometers, Detectors and Associated Equipment},
  volume={633},
  pages={S15--S18},
  year={2011},
  publisher={Elsevier}
}

@manual{amtek,
title = {Choosing the anode material},
year = {2017},
OPTlanguage = {English},
OPTorganization = {AMETEK},
OPTpagetotal = {3}
}

@manual{mini,
title = {Miniature X-Ray Source},
year = {2017},
OPTlanguage = {English},
OPTorganization = {AMETEK},
OPTpagetotal = {4},
author ={AMETEK}
}

@article{param,
  title={Effect of X-Ray Tube Focal Spot Size on Radiovisiograph Resolution},
  author={Blinov, NN and Vasilyev, A Yu and Bessonov, VB and Gryaznov, A Yu and Zhamova, KK and Potrakhov, EN and Potrakhov, NN},
  journal={Biomedical Engineering},
  volume={48},
  number={2},
  pages={58},
  year={2014},
  publisher={Springer Science \& Business Media}
}

@manual{manualT,
title = {100kV MICROFOCUS X-RAY SOURCE L10321 INSTRUCTION MANUAL},
year = {2017},
OPTlanguage = {English},
OPTorganization = {Hamamatsu},
OPTpagetotal = {40},
OPTversion = {Version 1.3},
author = {Hammamatsu}
}

@book{als2011elements,
  title={Elements of modern X-ray physics},
  author={Als-Nielsen, Jens and McMorrow, Des},
  year={2011},
  publisher={John Wiley \& Sons}
}

@book{koningsberger1988x,
  title={X-ray absorption: principles, applications, techniques of EXAFS, SEXAFS, and XANES},
  author={Koningsberger, DC and Prins, Roelof},
  year={1988},
  publisher={John Wiley and Sons, New York, NY}
}

@article{range,
  title={A novel wide dynamic range silicon photodetector and linear imaging array},
  author={Chamberlain, Savvas G and Lee, Jim PY},
  journal={IEEE Journal of Solid-State Circuits},
  volume={19},
  number={1},
  pages={41--48},
  year={1984},
  publisher={IEEE}
}

@book{xps,
  title={Handbook of X-ray photoelectron spectroscopy: a reference book of standard spectra for identification and interpretation of XPS data},
  author={Chastain, Jill and King, Roger C and Moulder, J},
  year={1992},
  publisher={Physical Electronics Division, Perkin-Elmer Corporation Eden Prairie, Minnesota}
}

@article{exper,
  title={Dynamics of solid-liquid interface and porosity formation determined through x-ray phase-contrast in laser welding of pure Al},
  author={Miyagi, Masanori and Kawahito, Yousuke and Kawakami, Hiroshi and Shoubu, Takahisa},
  journal={Journal of Materials Processing Technology},
  volume={250},
  pages={9--15},
  year={2017},
  publisher={Elsevier}
}

@article{mendenhall2017high,
  title={High-precision measurement of the x-ray Cu K$\alpha$ spectrum},
  author={Mendenhall, Marcus H and Henins, Albert and Hudson, Lawrence T and Szabo, Csilla I and Windover, Donald and Cline, James P},
  journal={Journal of Physics B: Atomic, Molecular and Optical Physics},
  volume={50},
  number={11},
  pages={115004},
  year={2017},
  publisher={IOP Publishing}
}

@article{van2014scikit,
  title={scikit-image: image processing in Python},
  author={Van der Walt, Stefan and Sch{\"o}nberger, Johannes L and Nunez-Iglesias, Juan and Boulogne, Fran{\c{c}}ois and Warner, Joshua D and Yager, Neil and Gouillart, Emmanuelle and Yu, Tony},
  journal={PeerJ},
  volume={2},
  pages={e453},
  year={2014},
  publisher={PeerJ Inc.}
}

