@techreport{Suurkuusk,
address = {J{\"{a}}rf{\"{a}}lla},
author = {Suurkuusk, Jaak},
institution = {Termometric AB},
title = {{2277 Thermal Activity Monitor}}
}
